%%%%%%%%%%%%%%%%%%%%%%%%%%%%%%%%
% textbooks are listed here
%%%%%%%%%%%%%%%%%%%%%%%%%%%%%%%%

@book{Perkins:396126,
      author        = "Perkins, Donald Hill",
      title         = "{Introduction to high-energy physics}",
      edition       = "4",
      publisher     = "Cambridge Univ. Press",
      year          = "2000",
}

@book{Peskin:257493,
      author        = "Peskin, Michael E and Schroeder, Daniel V",
      title         = "{An Introduction to Quantum Field Theory, 1995 ed.}",
      publisher     = "Westview",
      year          = "1995",
      series        = {Advanced book programm},
}

@book{Griffiths:111880,
      author        = "Griffiths, David J",
      title         = "{Introduction to elementary particles}",
      edition       = "2",
      publisher     = "Wiley",
      series        = "Physics textbook",
      year          = "2008",
}

@book{Bigi:1295518,
      author        = "Bigi, Ikaros I and Sanda, A I",
      title         = "{CP violation}",
      edition       = "2",
      publisher     = "Cambridge Univ. Press",
      series        = "Cambridge monographs on particle physics, nuclear physics and cosmology",
      year          = "2009",
}

@book{Branco:396964,
      author        = "Branco, Gustavo Castelo and Lavoura, Luis and Silva, Joao Paulo",
      title         = "{CP violation}",
      publisher     = "Clarendon Press",
      series        = "Int. Ser. Monogr. Phys.",
      year          = "1999",
}

%%%%%%%%%%%%%%%%%%%%%%%%%%%%%%%%
% articles are listed here
%%%%%%%%%%%%%%%%%%%%%%%%%%%%%%%%

@article{PDG_2017,
    author        = "Patrignani, C. and others",
    collaboration = "Particle Data Group",
    title         = "{\href{http://pdg.lbl.gov/}{Review of particle physics}}",
    journal       = "Chin. Phys.",
    volume        = "C40",
    year          = "2016",
    pages         = "100001",
    doi           = "10.1088/1674-1137/40/10/100001",
    addendum      = "and {\href{http://pdglive.lbl.gov/}{2017 update}}",
}

@article{HFLAV2016,
      author         = "Amhis, Y. and others",
      title          = "{Averages of $b$-hadron, $c$-hadron, and $\tau$-lepton
                        properties as of summer 2016}",
      collaboration  = "Heavy Flavour Averaging Group",
      journal        = "Eur. Phys. J.",
      volume         = "C77",
      year           = "2017",
      number         = "12",
      pages          = "895",
      doi            = "10.1140/epjc/s10052-017-5058-4",
      eprint         = "1612.07233",
      archivePrefix  = "arXiv",
      primaryClass   = "hep-ex",
      reportNumber   = "FERMILAB-PUB-16-611-ND",
      SLACcitation   = "%%CITATION = ARXIV:1612.07233;%%",
      addendum       = "{updated results and plots available at \href{https://hflav.web.cern.ch}{{\url{https://hflav.web.cern.ch}}}}",
}

@article{Ellis:2016jkw,
      author         = "Ellis, Joshua",
      title          = "{TikZ-Feynman: Feynman diagrams with TikZ}",
      journal        = "Comput. Phys. Commun.",
      volume         = "210",
      year           = "2017",
      pages          = "103-123",
      doi            = "10.1016/j.cpc.2016.08.019",
      eprint         = "1601.05437",
      archivePrefix  = "arXiv",
      primaryClass   = "hep-ph",
      SLACcitation   = "%%CITATION = ARXIV:1601.05437;%%"
}

@article{CKMfitter2015,
      author         = "Charles, J. and others",
      title          = "{Current status of the Standard Model CKM fit and constraints on \hbox{$\Delta F=2$} new physics}",
      collaboration  = "CKMfitter group",
      journal        = "Phys. Rev.",
      volume         = "D91",
      year           = "2015",
      pages          = "073007",
      doi            = "10.1103/PhysRevD.91.073007",
      eprint         = "1501.05013",
      archivePrefix  = "arXiv",
      primaryClass   = "hep-ph",
      reportNumber   = "LPT-ORSAY-15-04",
      SLACcitation   = "%%CITATION = ARXIV:1501.05013;%%",
      addendum       = "{updated results and plots available at \href{http://ckmfitter.in2p3.fr/}{{\url{http://ckmfitter.in2p3.fr/}}}}",
}

@article{Chatrchyan:2012xdj,
      author         = "Chatrchyan, Serguei and others",
      title          = "{Observation of a new boson at a mass of 125 GeV with the CMS experiment at the LHC}",
      collaboration  = "CMS collaboration",
      journal        = "Phys. Lett.",
      volume         = "B716",
      year           = "2012",
      pages          = "30-61",
      doi            = "10.1016/j.physletb.2012.08.021",
      eprint         = "1207.7235",
      archivePrefix  = "arXiv",
      primaryClass   = "hep-ex",
      reportNumber   = "CMS-HIG-12-028, CERN-PH-EP-2012-220",
      SLACcitation   = "%%CITATION = ARXIV:1207.7235;%%"
}

@article{Aad:2012tfa,
      author         = "Aad, Georges and others",
      title          = "{Observation of a new particle in the search for the Standard Model Higgs boson with the ATLAS detector at the LHC}",
      collaboration  = "ATLAS collaboration",
      journal        = "Phys. Lett.",
      volume         = "B716",
      year           = "2012",
      pages          = "1-29",
      doi            = "10.1016/j.physletb.2012.08.020",
      eprint         = "1207.7214",
      archivePrefix  = "arXiv",
      primaryClass   = "hep-ex",
      reportNumber   = "CERN-PH-EP-2012-218",
      SLACcitation   = "%%CITATION = ARXIV:1207.7214;%%"
}

@article{Wolfenstein:1983yz,
      author         = "Wolfenstein, Lincoln",
      title          = "{Parametrization of the Kobayashi-Maskawa Matrix}",
      journal        = "Phys. Rev. Lett.",
      volume         = "51",
      year           = "1983",
      pages          = "1945",
      doi            = "10.1103/PhysRevLett.51.1945",
      reportNumber   = "CMU-HEG83-9",
      SLACcitation   = "%%CITATION = PRLTA,51,1945;%%"
}

@article{LHCb-PAPER-2013-018,
      author         = "Aaij, R. and others",
      title          = "{First observation of $\CP$ violation in the decays of $\Bs$ mesons}",
      collaboration  = "LHCb collaboration",
      journal        = "Phys. Rev. Lett.",
      volume         = "110",
      pages          = "221601",
      doi            = "10.1103/PhysRevLett.110.221601",
      year           = "2013",
      eprint         = "1304.6173",
      archivePrefix  = "arXiv",
      primaryClass   = "hep-ex",
      report         = "CERN-PH-EP-2013-068, LHCb-PAPER-2013-018",
      SLACcitation   = "%%CITATION = ARXIV:1304.6173;%%",
}

@article{Aaij:2015vza,
      author         = "Aaij, Roel and others",
      title          = "{Measurement of $CP$ violation in $B^0 \!\to J/\psi K^0_S$ decays}",
      collaboration  = "LHCb collaboration",
      journal        = "Phys. Rev. Lett.",
      volume         = "115",
      year           = "2015",
      number         = "3",
      pages          = "031601",
      doi            = "10.1103/PhysRevLett.115.031601",
      eprint         = "1503.07089",
      archivePrefix  = "arXiv",
      primaryClass   = "hep-ex",
      reportNumber   = "LHCB-PAPER-2015-004, CERN-PH-EP-2015-076",
      SLACcitation   = "%%CITATION = ARXIV:1503.07089;%%"
}

@article{Aubert:2001nu,
      author         = "Aubert, Bernard and others",
      title          = "{Observation of CP violation in the $B^0$ meson system}",
      collaboration  = "BaBar collaboration",
      journal        = "Phys. Rev. Lett.",
      volume         = "87",
      year           = "2001",
      pages          = "091801",
      doi            = "10.1103/PhysRevLett.87.091801",
      eprint         = "hep-ex/0107013",
      archivePrefix  = "arXiv",
      primaryClass   = "hep-ex",
      reportNumber   = "SLAC-PUB-8904, BABAR-PUB-01-18",
      SLACcitation   = "%%CITATION = HEP-EX/0107013;%%"
}

@article{Abe:2001xe,
      author         = "Abe, Kazuo and others",
      title          = "{Observation of large CP violation in the neutral $B$
                        meson system}",
      collaboration  = "Belle collaboration",
      journal        = "Phys. Rev. Lett.",
      volume         = "87",
      year           = "2001",
      pages          = "091802",
      doi            = "10.1103/PhysRevLett.87.091802",
      eprint         = "hep-ex/0107061",
      archivePrefix  = "arXiv",
      primaryClass   = "hep-ex",
      reportNumber   = "KEK-PREPRINT-2001-50, BELLE-PREPRINT-2001-10",
      SLACcitation   = "%%CITATION = HEP-EX/0107061;%%"
}

@article{Inami:1980fz,
      author         = "Inami, T. and Lim, C. S.",
      title          = "{Effects of Superheavy Quarks and Leptons in Low-Energy Weak Processes $\KL\!\to\!\muon\overline{\muon}$, $\Kp\!\to\!\pip\neu\overline{\neu}$ and $\Kz\!\leftrightarrow\!\Kzb$}",
      journal        = "Prog. Theor. Phys.",
      volume         = "65",
      year           = "1981",
      pages          = "297",
      doi            = "10.1143/PTP.65.297",
      addendum       = "[Erratum: Prog. Theor. Phys. \textbf{65} (1981) 1772]",
      reportNumber   = "UT-KOMABA-80-8",
      SLACcitation   = "%%CITATION = PTPKA,65,297;%%"
}

@article{GLW_1,
      author         = "Gronau, Michael and Wyler, Daniel",
      title          = "{On determining a weak phase from charged \B decay asymmetries}",
      journal        = "Phys. Lett.",
      volume         = "B265",
      year           = "1991",
      pages          = "172-176",
}

@article{GLW_2,
      author         = "Gronau, Michael and London, David",
      title          = "{How to determine all the angles of the unitarity triangle from $\Bd\!\to\D\KS$ and $\Bs\!\to\D\phi$}",
      journal        = "Phys. Lett.",
      volume         = "B253",
      year           = "1991",
      pages          = "483-488",
}

@article{ADS,
      author         = "Atwood, David and Dunietz, Isard and Soni, Amarjit",
      title          = "{Improved methods for observing CP violation in $\Bpm\!\to\kaon\D$ and measuring the CKM phase $\gamma$}",
      journal        = "Phys. Rev.",
      volume         = "D63",
      year           = "2001",
      pages          = "036005",
      doi            = "10.1103/PhysRevD.63.036005",
      eprint         = "hep-ph/0008090",
      archivePrefix  = "arXiv",
      primaryClass   = "hep-ph",
      reportNumber   = "AMES-HET-00-09, BNL-HET-00-31",
      SLACcitation   = "%%CITATION = HEP-PH/0008090;%%"
}

@article{IsospinAlpha,
      title = {Isospin analysis of \CP asymmetries in $B$ decays},
      author = {Gronau, Michael and London, David},
      journal = {Phys. Rev. Lett.},
      volume = {65},
      % issue = {27},
      pages = {3381--3384},
      numpages = {0},
      year = {1990},
      % month = 12,
      publisher = {American Physical Society},
      doi = {10.1103/PhysRevLett.65.3381},
}

@article{alpha_Belle,
      author         = "Vanhoefer, P. and others",
      title          = "{Study of $\Bz\!\to\rhop\rhom$ decays and implications for the CKM angle $\phi_2$}",
      collaboration  = "Belle collaboration",
      journal        = "Phys. Rev.",
      volume         = "D93",
      year           = "2016",
      % number         = "3",
      pages          = "032010",
      doi            = "10.1103/PhysRevD.94.099903, 10.1103/PhysRevD.93.032010",
      addendum       = "[Erratum: Phys. Rev. \textbf{D94} (2016) 099903]",
      eprint         = "1510.01245",
      archivePrefix  = "arXiv",
      primaryClass   = "hep-ex",
      SLACcitation   = "%%CITATION = ARXIV:1510.01245;%%"
}

@article{alpha_BaBar,
      author         = "Aubert, B. and others",
      title          = "{Improved Measurement of $\Bp\!\to\rhop\rhoz$ and Determination of the Quark-Mixing Phase Angle $\alpha$}",
      collaboration  = "BaBar collaboration",
      journal        = "Phys. Rev. Lett.",
      volume         = "102",
      year           = "2009",
      pages          = "141802",
      doi            = "10.1103/PhysRevLett.102.141802",
      eprint         = "0901.3522",
      archivePrefix  = "arXiv",
      primaryClass   = "hep-ex",
      reportNumber   = "BABAR-PUB-08-053, SLAC-PUB-13452",
      SLACcitation   = "%%CITATION = ARXIV:0901.3522;%%"
}

@article{GammaInLoops,
      author         = "Fleischer, Robert",
      title          = "{New strategies to extract $\beta$ and $\gamma$ from $B_\dquark\!\to\pip\pim$ and $B_\squark\!\to\Kp\Km$}",
      journal        = "Phys. Lett.",
      volume         = "B459",
      year           = "1999",
      pages          = "306-320",
      doi            = "10.1016/S0370-2693(99)00640-1",
      eprint         = "hep-ph/9903456",
      archivePrefix  = "arXiv",
      primaryClass   = "hep-ph",
      reportNumber   = "CERN-TH-99-79",
      SLACcitation   = "%%CITATION = HEP-PH/9903456;%%"
}

% UTfit Standard Model / Unitarity Triangle
@article{UTfit-UT,
      author         = "Bona, M. and others",
      title          = "{The unitarity triangle fit in the standard model and hadronic parameters from lattice QCD: A reappraisal after the measurements of $\Delta m_{s}$ and $BR(B\to\tau\nu_{\tau})$}",
      collaboration  = "UTfit collaboration",
      journal        = "JHEP",
      volume         = "10",
      year           = "2006",
      pages          = "081",
      doi            = "10.1088/1126-6708/2006/10/081",
      eprint         = "hep-ph/0606167",
      archivePrefix  = "arXiv",
      primaryClass   = "hep-ph",
      SLACcitation   = "%%CITATION = HEP-PH/0606167;%%",
      addendum       = "{updated results and plots available at \href{http://www.utfit.org/}{{\texttt{http://www.utfit.org/}}}}",
}

%%%%%%%%%%%%%%%%%%%%%%%%%%%%%%%%
% not used so far
%%%%%%%%%%%%%%%%%%%%%%%%%%%%%%%%


@BOOKLET{LHC_statistik,
	author = {{LHC Performance and Statistics}},
	%title = {The global CKM fit in the small plane},
	url = {http://lhc-statistics.web.cern.ch/LHC-Statistics/index.php},
	month = {{August}},
	year = {2014}
}

@book{lhc_design,
      author        = "Brüning, Oliver Sim and Collier, Paul and Lebrun, P and
                       Myers, Stephen and Ostojic, Ranko and Poole, John and
                       Proudlock, Paul",
      title         = "{LHC Design Report}",
      publisher     = "CERN",
      address       = "Geneva",
      year          = "2004",
}

@BOOKLET{cern_scheme,
	author = {{Cern Technology Departement Web Page}},
	%title = {The global CKM fit in the small plane},
	url = {http://te-epc-lpc.web.cern.ch/te-epc-lpc/machines/pagesources/Cern-Accelerator-Complex.jpg},
	month = {{August}},
	year = {2014}
}

@BOOKLET{angle_plot,
	author = {{LHCb $\bbbar$-production angle plots}},
	%title = {The global CKM fit in the small plane},
	url = {http://lhcb.web.cern.ch/lhcb/speakersbureau/html/bb_ProductionAngles.html},
	month = {{August}},
	year = {2014}
}

@article{Alves:2008zz,
      author         = "{The \lhcb collaboration}",
      title          = "{The LHCb Detector at the LHC}",
      collaboration  = "LHCb Collaboration",
      journal        = "JINST",
      volume         = "3",
      pages          = "S08005",
      doi            = "10.1088/1748-0221/3/08/S08005",
      year           = "2008",
      SLACcitation   = "%%CITATION = JINST,3,S08005;%%",
}

@article{gaudi,
      author         = "Barrand, G. and Belyaev, I. and Binko, P. and Cattaneo,
                        M. and Chytracek, R. and others",
      title          = "{GAUDI - A software architecture and framework for
                        building HEP data processing applications}",
      journal        = "Comput.Phys.Commun.",
      volume         = "140",
      pages          = "45-55",
      doi            = "10.1016/S0010-4655(01)00254-5",
      year           = "2001",
      SLACcitation   = "%%CITATION = CPHCB,140,45;%%",
}

@BOOKLET{gauss,
	author = {{The GAUSS Project}},
	%title = {The global CKM fit in the small plane},
	url = {http://lhcb-release-area.web.cern.ch/LHCb-release-area/DOC/gauss/},
	month = {{August}},
	year = {2014}
}

@article{evtgen,
      author         = "Lange, D.J.",
      title          = "{The EvtGen particle decay simulation package}",
      journal        = "Nucl.Instrum.Meth.",
      volume         = "A462",
      pages          = "152-155",
      doi            = "10.1016/S0168-9002(01)00089-4",
      year           = "2001",
      SLACcitation   = "%%CITATION = NUIMA,A462,152;%%",
}

@article{lhcbconf,
      author         = "Belyaev, I. and others",
      title          = "{Handling of the generation of primary events in Gauss,
                        the LHCb simulation framework}",
      collaboration  = "LHCb Collaboration",
      journal        = "J.Phys.Conf.Ser.",
      volume         = "331",
      pages          = "032047",
      doi            = "10.1088/1742-6596/331/3/032047",
      year           = "2011",
      SLACcitation   = "%%CITATION = 00462,331,032047;%%",
}

@article{pythia8,
      author         = "Sjostrand, Torbjorn and Mrenna, Stephen and Skands, Peter
                        Z.",
      title          = "{A Brief Introduction to PYTHIA 8.1}",
      journal        = "Comput.Phys.Commun.",
      volume         = "178",
      pages          = "852-867",
      doi            = "10.1016/j.cpc.2008.01.036",
      year           = "2008",
      %eprint         = "0710.3820",
      %archivePrefix  = "arXiv",
      %primaryClass   = "hep-ph",
      reportNumber   = "CERN-LCGAPP-2007-04, LU-TP-07-28,
                        FERMILAB-PUB-07-512-CD-T",
      SLACcitation   = "%%CITATION = ARXIV:0710.3820;%%",
}

@article{pythia6,
      author         = "Sjostrand, Torbjorn and Mrenna, Stephen and Skands, Peter
                        Z.",
      title          = "{PYTHIA 6.4 Physics and Manual}",
      journal        = "JHEP",
      volume         = "0605",
      pages          = "026",
      doi            = "10.1088/1126-6708/2006/05/026",
      year           = "2006",
      %eprint         = "hep-ph/0603175",
      %archivePrefix  = "arXiv",
      %primaryClass   = "hep-ph",
      reportNumber   = "FERMILAB-PUB-06-052-CD-T, LU-TP-06-13",
      SLACcitation   = "%%CITATION = HEP-PH/0603175;%%",
}

@article{geant1,
      author         = "Asai, M.",
      title          = "{Geant4-a simulation toolkit}",
      journal        = "Trans.Amer.Nucl.Soc.",
      volume         = "95",
      pages          = "757",
      year           = "2006",
      reportNumber   = "SLAC-REPRINT-2006-223",
      SLACcitation   = "%%CITATION = TANSA,95,757;%%",
}

@article{geant2,
      author         = "Allison, John and Amako, K. and Apostolakis, J. and
                        Araujo, H. and Dubois, P.A. and others",
      title          = "{Geant4 developments and applications}",
      journal        = "IEEE Trans.Nucl.Sci.",
      volume         = "53",
      pages          = "270",
      doi            = "10.1109/TNS.2006.869826",
      year           = "2006",
      reportNumber   = "SLAC-PUB-11870",
      SLACcitation   = "%%CITATION = IETNA,53,270;%%",
}

@BOOKLET{boole,
	author = {{The BOOLE Project}},
	url = {http://lhcb-release-area.web.cern.ch/LHCb-release-area/DOC/boole/},
	month = {{August}},
	year = {2014}
}

@BOOKLET{moore,
	author = {{The MOORE Project}},
	url = {http://lhcb-release-area.web.cern.ch/LHCb-release-area/DOC/moore/},
	month = {{August}},
	year = {2014}
}

@BOOKLET{brunel,
	author = {{The BRUNEL Project}},
	url = {http://lhcb-release-area.web.cern.ch/LHCb-release-area/DOC/brunel/},
	month = {{August}},
	year = {2014}
}

@BOOKLET{davinci,
	author = {{The DAVINCI Project}},
	url = {http://lhcb-release-area.web.cern.ch/LHCb-release-area/DOC/davinci/},
	month = {{August}},
	year = {2014}
}

@BOOKLET{root,
	author = {{ROOT}},
	url = {http://root.cern.ch/drupal/},
	month = {{August}},
	year = {2014}
}

@BOOKLET{roofit,
	author = {{The RooFit Toolkit for Data Modeling}},
	url = {http://roofit.sourceforge.net},
	month = {{August}},
	year = {2014}
}

@article{ipatia,
      author         = "Santos, Diego Martinez and Dupertuis, Frederic",
      title          = "{Mass distributions marginalized over per-event errors}",
      journal        = "Nucl.Instrum.Meth.",
      volume         = "A764",
      pages          = "150",
      doi            = "10.1016/j.nima.2014.06.081",
      year           = "2014",
      %eprint         = "1312.5000",
      %archivePrefix  = "arXiv",
      %primaryClass   = "hep-ex",
      SLACcitation   = "%%CITATION = ARXIV:1312.5000;%%",
}

@techreport{splot,
      author        = "Pivk, M and Le Diberder, F R",
      title         = "{sPlot: a statistical tool to unfold data distributions}",
      institution   = "Paris 11. Lab. Accél. Linéaire",
      address       = "Orsay",
      number        = "physics/0402083. LAL-2004-07",
      month         = "Feb",
      year          = "2004",
}

@book{Blobel,
      author        = "Blobel, Volker and Lohrmann, Erich",
      title         = "{Statistische und numerische Methoden der Datenanalyse}",
      publisher     = "Teubner",
      address       = "Stuttgart",
      series        = "Teubner Studienbücher Physik",
      year          = "1998",
}

@book{charm-tagger,
      author         = "Cenci, R and Jawahery, A",
      title          = "{A new Opposite-Side Flavor Tagger based on Reconstructed Charm Decays}",
      reportNumber   = "LHCb-INT-2013-YYY",
      publisher = "LHCb-INT-2013-YYY",
      %address = "Geneva",
      year		= "2014",
}
