@article{Alves:2008zz,
      author         = "Alves, Jr., A. Augusto and others",
      title          = "{The LHCb Detector at the LHC}",
      collaboration  = "LHCb collaboration",
      journal        = "JINST",
      volume         = "3",
      year           = "2008",
      pages          = "S08005",
      doi            = "10.1088/1748-0221/3/08/S08005",
      SLACcitation   = "%%CITATION = JINST,3,S08005;%%"
}

@unpublished{Christiane:1260465,
      author        = "Christiane Lefèvre",
      title         = "{The CERN accelerator complex.}",
      month         = "Dec",
      year          = "2008",
      reportNumber  = "CERN-DI-0812015",
      url           = "http://cds.cern.ch/record/1260465",
}

@book{Bruening:782076,
      author        = "Brüning, Oliver Sim and Collier, Paul and Lebrun, P and Myers, Stephen and Ostojic, Ranko and Poole, John and Proudlock, Paul",
      title         = "{LHC Design Report}",
      publisher     = "CERN",
      address       = "Geneva",
      series        = "CERN Yellow Reports: Monographs",
      year          = "2004",
      url           = "https://cds.cern.ch/record/782076",
}

@BOOKLET{LHC_statistic,
      author        = {\cern},
      title         = {{Accelerator Performance and Statistics}},
      url           = {http://acc-stats.web.cern.ch/acc-stats/#lhc/super-table},
      month         = {6},
      year          = {2018}
}

@BOOKLET{angle_plots,
    author = {{LHCb collaboration}},
    title = {$\bbbar$-production angle plots},
    url = {https://lhcb.web.cern.ch/lhcb/speakersbureau/html/bb_ProductionAngles.html},
    month = {6},
    year = {2018}
}





@BOOKLET{cern_scheme,
    author = {{Cern Technology Departement Web Page}},
    %title = {The global CKM fit in the small plane},
    url = {http://te-epc-lpc.web.cern.ch/te-epc-lpc/machines/pagesources/Cern-Accelerator-Complex.jpg},
    month = {{August}},
    year = {2014}
}



@article{gaudi,
      author         = "Barrand, G. and Belyaev, I. and Binko, P. and Cattaneo,
                        M. and Chytracek, R. and others",
      title          = "{GAUDI - A software architecture and framework for
                        building HEP data processing applications}",
      journal        = "Comput.Phys.Commun.",
      volume         = "140",
      pages          = "45-55",
      doi            = "10.1016/S0010-4655(01)00254-5",
      year           = "2001",
      SLACcitation   = "%%CITATION = CPHCB,140,45;%%",
}

@BOOKLET{gauss,
    author = {{The GAUSS Project}},
    %title = {The global CKM fit in the small plane},
    url = {http://lhcb-release-area.web.cern.ch/LHCb-release-area/DOC/gauss/},
    month = {{August}},
    year = {2014}
}

@article{evtgen,
      author         = "Lange, D.J.",
      title          = "{The EvtGen particle decay simulation package}",
      journal        = "Nucl.Instrum.Meth.",
      volume         = "A462",
      pages          = "152-155",
      doi            = "10.1016/S0168-9002(01)00089-4",
      year           = "2001",
      SLACcitation   = "%%CITATION = NUIMA,A462,152;%%",
}

@article{lhcbconf,
      author         = "Belyaev, I. and others",
      title          = "{Handling of the generation of primary events in Gauss,
                        the LHCb simulation framework}",
      collaboration  = "LHCb Collaboration",
      journal        = "J.Phys.Conf.Ser.",
      volume         = "331",
      pages          = "032047",
      doi            = "10.1088/1742-6596/331/3/032047",
      year           = "2011",
      SLACcitation   = "%%CITATION = 00462,331,032047;%%",
}

@article{pythia8,
      author         = "Sjostrand, Torbjorn and Mrenna, Stephen and Skands, Peter
                        Z.",
      title          = "{A Brief Introduction to PYTHIA 8.1}",
      journal        = "Comput.Phys.Commun.",
      volume         = "178",
      pages          = "852-867",
      doi            = "10.1016/j.cpc.2008.01.036",
      year           = "2008",
      %eprint         = "0710.3820",
      %archivePrefix  = "arXiv",
      %primaryClass   = "hep-ph",
      reportNumber   = "CERN-LCGAPP-2007-04, LU-TP-07-28,
                        FERMILAB-PUB-07-512-CD-T",
      SLACcitation   = "%%CITATION = ARXIV:0710.3820;%%",
}

@article{pythia6,
      author         = "Sjostrand, Torbjorn and Mrenna, Stephen and Skands, Peter
                        Z.",
      title          = "{PYTHIA 6.4 Physics and Manual}",
      journal        = "JHEP",
      volume         = "0605",
      pages          = "026",
      doi            = "10.1088/1126-6708/2006/05/026",
      year           = "2006",
      %eprint         = "hep-ph/0603175",
      %archivePrefix  = "arXiv",
      %primaryClass   = "hep-ph",
      reportNumber   = "FERMILAB-PUB-06-052-CD-T, LU-TP-06-13",
      SLACcitation   = "%%CITATION = HEP-PH/0603175;%%",
}

@article{geant1,
      author         = "Asai, M.",
      title          = "{Geant4-a simulation toolkit}",
      journal        = "Trans.Amer.Nucl.Soc.",
      volume         = "95",
      pages          = "757",
      year           = "2006",
      reportNumber   = "SLAC-REPRINT-2006-223",
      SLACcitation   = "%%CITATION = TANSA,95,757;%%",
}

@article{geant2,
      author         = "Allison, John and Amako, K. and Apostolakis, J. and
                        Araujo, H. and Dubois, P.A. and others",
      title          = "{Geant4 developments and applications}",
      journal        = "IEEE Trans.Nucl.Sci.",
      volume         = "53",
      pages          = "270",
      doi            = "10.1109/TNS.2006.869826",
      year           = "2006",
      reportNumber   = "SLAC-PUB-11870",
      SLACcitation   = "%%CITATION = IETNA,53,270;%%",
}

@BOOKLET{boole,
    author = {{The BOOLE Project}},
    url = {http://lhcb-release-area.web.cern.ch/LHCb-release-area/DOC/boole/},
    month = {{August}},
    year = {2014}
}

@BOOKLET{moore,
    author = {{The MOORE Project}},
    url = {http://lhcb-release-area.web.cern.ch/LHCb-release-area/DOC/moore/},
    month = {{August}},
    year = {2014}
}

@BOOKLET{brunel,
    author = {{The BRUNEL Project}},
    url = {http://lhcb-release-area.web.cern.ch/LHCb-release-area/DOC/brunel/},
    month = {{August}},
    year = {2014}
}

@BOOKLET{davinci,
    author = {{The DAVINCI Project}},
    url = {http://lhcb-release-area.web.cern.ch/LHCb-release-area/DOC/davinci/},
    month = {{August}},
    year = {2014}
}
