@article{Chatrchyan:2012xdj,
      author         = "Chatrchyan, Serguei and others",
      title          = "{Observation of a new boson at a mass of 125 GeV with the CMS experiment at the LHC}",
      collaboration  = "CMS collaboration",
      journal        = "Phys. Lett.",
      volume         = "B716",
      year           = "2012",
      pages          = "30-61",
      doi            = "10.1016/j.physletb.2012.08.021",
      eprint         = "1207.7235",
      archivePrefix  = "arXiv",
      primaryClass   = "hep-ex",
      reportNumber   = "CMS-HIG-12-028, CERN-PH-EP-2012-220",
      SLACcitation   = "%%CITATION = ARXIV:1207.7235;%%"
}

@article{Aad:2012tfa,
      author         = "Aad, Georges and others",
      title          = "{Observation of a new particle in the search for the Standard Model Higgs boson with the ATLAS detector at the LHC}",
      collaboration  = "ATLAS collaboration",
      journal        = "Phys. Lett.",
      volume         = "B716",
      year           = "2012",
      pages          = "1-29",
      doi            = "10.1016/j.physletb.2012.08.020",
      eprint         = "1207.7214",
      archivePrefix  = "arXiv",
      primaryClass   = "hep-ex",
      reportNumber   = "CERN-PH-EP-2012-218",
      SLACcitation   = "%%CITATION = ARXIV:1207.7214;%%"
}

@article{LHCb-PAPER-2013-018,
      author         = "Aaij, R. and others",
      title          = "{First observation of $\CP$ violation in the decays of $\Bs$ mesons}",
      collaboration  = "LHCb collaboration",
      journal        = "Phys. Rev. Lett.",
      volume         = "110",
      pages          = "221601",
      doi            = "10.1103/PhysRevLett.110.221601",
      year           = "2013",
      eprint         = "1304.6173",
      archivePrefix  = "arXiv",
      primaryClass   = "hep-ex",
      report         = "CERN-PH-EP-2013-068, LHCb-PAPER-2013-018",
      SLACcitation   = "%%CITATION = ARXIV:1304.6173;%%",
}

@article{Aaij:2015vza,
      author         = "Aaij, Roel and others",
      title          = "{Measurement of $CP$ violation in $B^0 \!\to J/\psi K^0_S$ decays}",
      collaboration  = "LHCb collaboration",
      journal        = "Phys. Rev. Lett.",
      volume         = "115",
      year           = "2015",
      number         = "3",
      pages          = "031601",
      doi            = "10.1103/PhysRevLett.115.031601",
      eprint         = "1503.07089",
      archivePrefix  = "arXiv",
      primaryClass   = "hep-ex",
      reportNumber   = "LHCB-PAPER-2015-004, CERN-PH-EP-2015-076",
      SLACcitation   = "%%CITATION = ARXIV:1503.07089;%%"
}

@article{Aubert:2001nu,
      author         = "Aubert, Bernard and others",
      title          = "{Observation of CP violation in the $B^0$ meson system}",
      collaboration  = "BaBar collaboration",
      journal        = "Phys. Rev. Lett.",
      volume         = "87",
      year           = "2001",
      pages          = "091801",
      doi            = "10.1103/PhysRevLett.87.091801",
      eprint         = "hep-ex/0107013",
      archivePrefix  = "arXiv",
      primaryClass   = "hep-ex",
      reportNumber   = "SLAC-PUB-8904, BABAR-PUB-01-18",
      SLACcitation   = "%%CITATION = HEP-EX/0107013;%%"
}

@article{Abe:2001xe,
      author         = "Abe, Kazuo and others",
      title          = "{Observation of large CP violation in the neutral $B$
                        meson system}",
      collaboration  = "Belle collaboration",
      journal        = "Phys. Rev. Lett.",
      volume         = "87",
      year           = "2001",
      pages          = "091802",
      doi            = "10.1103/PhysRevLett.87.091802",
      eprint         = "hep-ex/0107061",
      archivePrefix  = "arXiv",
      primaryClass   = "hep-ex",
      reportNumber   = "KEK-PREPRINT-2001-50, BELLE-PREPRINT-2001-10",
      SLACcitation   = "%%CITATION = HEP-EX/0107061;%%"
}

@article{alpha_Belle,
      author         = "Vanhoefer, P. and others",
      title          = "{Study of $\Bz\!\to\rhop\rhom$ decays and implications for the CKM angle $\phi_2$}",
      collaboration  = "Belle collaboration",
      journal        = "Phys. Rev.",
      volume         = "D93",
      year           = "2016",
      % number         = "3",
      pages          = "032010",
      doi            = "10.1103/PhysRevD.94.099903, 10.1103/PhysRevD.93.032010",
      addendum       = "[Erratum: Phys. Rev. \textbf{D94} (2016) 099903]",
      eprint         = "1510.01245",
      archivePrefix  = "arXiv",
      primaryClass   = "hep-ex",
      SLACcitation   = "%%CITATION = ARXIV:1510.01245;%%"
}

@article{alpha_BaBar,
      author         = "Aubert, B. and others",
      title          = "{Improved Measurement of $\Bp\!\to\rhop\rhoz$ and Determination of the Quark-Mixing Phase Angle $\alpha$}",
      collaboration  = "BaBar collaboration",
      journal        = "Phys. Rev. Lett.",
      volume         = "102",
      year           = "2009",
      pages          = "141802",
      doi            = "10.1103/PhysRevLett.102.141802",
      eprint         = "0901.3522",
      archivePrefix  = "arXiv",
      primaryClass   = "hep-ex",
      reportNumber   = "BABAR-PUB-08-053, SLAC-PUB-13452",
      SLACcitation   = "%%CITATION = ARXIV:0901.3522;%%"
}

@article{GammCombo,
      author        = "{}",
      title         = "{Update of the LHCb combination of the CKM angle
                       $\gamma$}",
      institution   = "CERN",
      collaboration = "LHCb Collaboration",
      number        = "LHCb-CONF-2018-002",
      year          = "2018",
      reportNumber  = "LHCb-CONF-2018-002",
}

@article{Aaij:2014xba,
      author         = "Aaij, Roel and others",
      title          = "{Determination of $\gamma$ and âˆ’2$\beta_s$ from charmless two-body decays of beauty mesons}",
      collaboration  = "LHCb collaboration",
      journal        = "Phys. Lett.",
      volume         = "B741",
      year           = "2015",
      pages          = "1-11",
      doi            = "10.1016/j.physletb.2014.12.015",
      eprint         = "1408.4368",
      archivePrefix  = "arXiv",
      primaryClass   = "hep-ex",
      reportNumber   = "CERN-PH-EP-2014-207, LHCB-PAPER-2014-045",
      SLACcitation   = "%%CITATION = ARXIV:1408.4368;%%"
}

@article{Das:2010be,
      author         = "Das, A. and others",
      title          = "{Measurements of Branching Fractions for $\Bz\!\to\Dsp\pim$ and $\Bzb\!\to\Dsp\Km$}",
      collaboration  = "Belle collaboration",
      journal        = "Phys. Rev.",
      volume         = "D82",
      year           = "2010",
      pages          = "051103",
      doi            = "10.1103/PhysRevD.82.051103",
      eprint         = "1007.4619",
      archivePrefix  = "arXiv",
      primaryClass   = "hep-ex",
      reportNumber   = "BELLE-PREPRINT-2010-14, KEK-PREPRINT-2010-23,
                        BELLE-PREPRINT#-2010-14, KEK-PREPRINT#-2010-23",
      SLACcitation   = "%%CITATION = ARXIV:1007.4619;%%"
}

@article{Aubert:2008zi,
      author         = "Aubert, Bernard and others",
      title          = "{Measurement of the Branching Fractions of the Rare Decays $\Bz\!\to D^{(*)+}_{\squark}\pim$, $\Bz\!\to D^{(*)+}_{\squark}\rhom$, and $\Bz\!\to D^{(*)-}_{\squark}\Kp$}",
      collaboration  = "BaBar collaboration",
      journal        = "Phys. Rev.",
      volume         = "D78",
      year           = "2008",
      pages          = "032005",
      doi            = "10.1103/PhysRevD.78.032005",
      eprint         = "0803.4296",
      archivePrefix  = "arXiv",
      primaryClass   = "hep-ex",
      reportNumber   = "SLAC-PUB-13190, BABAR-PUB-08-009",
      SLACcitation   = "%%CITATION = ARXIV:0803.4296;%%"
}

@article{LHCb-PAPER-2011-027,
      author         = "Aaij, R. and others",
      title          = "{Opposite-side flavour tagging of $B$ mesons at the \lhcb experiment}",
      collaboration  = "LHCb collaboration",
      journal        = "Eur. Phys. J.",
      volume         = "C72",
      pages          = "2022",
      doi            = "10.1140/epjc/s10052-012-2022-1",
      year           = "2012",
      eprint         = "1202.4979",
      archivePrefix  = "arXiv",
      primaryClass   = "hep-ex",
      report         = "CERN-PH-EP-2012-034, LHCb-PAPER-2011-027",
      SLACcitation   = "%%CITATION = ARXIV:1202.4979;%%",
}

@article{LHCb-PAPER-2015-027,
      author         = "Aaij, R. and others",
      title          = "{$B$ flavour tagging using charm decays at the \lhcb experiment}",
      collaboration  = "LHCb collaboration",
      year           = "2015",
      report         = "{LHCb-PAPER-2015-027, CERN-PH-EP-2015-193}",
      eprint         = "1507.07892",
      archivePrefix  = "arXiv",
      primaryClass   = "hep-ex",
      SLACcitation   = "%%CITATION = ARXIV:1507.07892;%%",
      journal        = "JINST",
      volume         = "10",
      pages          = "P10005",
      doi            = "10.1088/1748-0221/10/10/P10005",
}

@article{Aaij:2016rdg,
      author         = "Aaij, R. and others",
      title          = "{New algorithms for identifying the flavour of \Bz mesons using pions and protons}",
      collaboration  = "LHCb",
      journal        = "Eur. Phys. J.",
      volume         = "C77",
      year           = "2017",
      pages          = "238",
      doi            = "10.1140/epjc/s10052-017-4731-y",
      eprint         = "1610.06019",
      archivePrefix  = "arXiv",
      primaryClass   = "hep-ex",
      reportNumber   = "LHCB-PAPER-2016-039, CERN-EP-2016-251",
      SLACcitation   = "%%CITATION = ARXIV:1610.06019;%%"
}

@article{Aaij:2016psi,
      author         = "Aaij, Roel and others",
      title          = "{A new algorithm for identifying the flavour of $B_s^0$ mesons at LHCb}",
      collaboration  = "LHCb",
      journal        = "JINST",
      volume         = "11",
      year           = "2016",
      pages          = "P05010",
      doi            = "10.1088/1748-0221/11/05/P05010",
      eprint         = "1602.07252",
      archivePrefix  = "arXiv",
      primaryClass   = "hep-ex",
      reportNumber   = "LHCB-PAPER-2015-056, CERN-EP-2016-030",
      SLACcitation   = "%%CITATION = ARXIV:1602.07252;%%"
}

@article{Aaij:2016fdk,
      author         = "Aaij, Roel and others",
      title          = "{A precise measurement of the $B^0$ meson oscillation
                        frequency}",
      collaboration  = "LHCb",
      journal        = "Eur. Phys. J.",
      volume         = "C76",
      year           = "2016",
      number         = "7",
      pages          = "412",
      doi            = "10.1140/epjc/s10052-016-4250-2",
      eprint         = "1604.03475",
      archivePrefix  = "arXiv",
      primaryClass   = "hep-ex",
      reportNumber   = "LHCB-PAPER-2015-031, CERN-EP-2016-084",
      SLACcitation   = "%%CITATION = ARXIV:1604.03475;%%"
}

@article{Aaij:2017mso,
      author         = "Aaij, Roel and others",
      title          = "{Measurement of $B^0$, $B^0_s$, $B^+$ and $\Lambda^0_b$
                        production asymmetries in 7 and 8 TeV proton-proton
                        collisions}",
      collaboration  = "LHCb",
      journal        = "Phys. Lett.",
      volume         = "B774",
      year           = "2017",
      pages          = "139-158",
      doi            = "10.1016/j.physletb.2017.09.023",
      eprint         = "1703.08464",
      archivePrefix  = "arXiv",
      primaryClass   = "hep-ex",
      reportNumber   = "CERN-EP-2017-036, LHCB-PAPER-2016-062",
      SLACcitation   = "%%CITATION = ARXIV:1703.08464;%%"
}

@article{Ronga:2006hv,
      author         = "Ronga, F. J. and others",
      title          = "{Measurements of CP violation in B0 ---> D*- pi+ and B0
                        ---> D- pi+ decays}",
      collaboration  = "Belle",
      journal        = "Phys. Rev.",
      volume         = "D73",
      year           = "2006",
      pages          = "092003",
      doi            = "10.1103/PhysRevD.73.092003",
      eprint         = "hep-ex/0604013",
      archivePrefix  = "arXiv",
      primaryClass   = "hep-ex",
      SLACcitation   = "%%CITATION = HEP-EX/0604013;%%"
}

@article{Aubert:2006tw,
      author         = "Aubert, Bernard and others",
      title          = "{Measurement of time-dependent CP asymmetries in $B^0 \to D^{(*)}$ +- $\pi^\mp$ and $B^0 \to D^\pm \rho^\mp$ decays}",
      collaboration  = "BaBar",
      journal        = "Phys. Rev.",
      volume         = "D73",
      year           = "2006",
      pages          = "111101",
      doi            = "10.1103/PhysRevD.73.111101",
      eprint         = "hep-ex/0602049",
      archivePrefix  = "arXiv",
      primaryClass   = "hep-ex",
      reportNumber   = "BABAR-PUB-06-001, SLAC-PUB-11719",
      SLACcitation   = "%%CITATION = HEP-EX/0602049;%%"
}

@article{Long:2003wq,
      author         = "Long, Owen and Baak, Max and Cahn, Robert N. and Kirkby, David P.",
      title          = "{Impact of tag-side interference on time-dependent \CP asymmetry measurements using coherent \Bz\Bzb pairs}",
      journal        = "Phys. Rev.",
      volume         = "D68",
      year           = "2003",
      pages          = "034010",
      doi            = "10.1103/PhysRevD.68.034010",
      eprint         = "hep-ex/0303030",
      archivePrefix  = "arXiv",
      primaryClass   = "hep-ex",
      reportNumber   = "SLAC-PUB-9687",
      SLACcitation   = "%%CITATION = HEP-EX/0303030;%%"
}

@article{Aoki:2016frl,
      author         = "Aoki, S. and others",
      title          = "{Review of lattice results concerning low-energy particle
                        physics}",
      journal        = "Eur. Phys. J.",
      volume         = "C77",
      year           = "2017",
      number         = "2",
      pages          = "112",
      doi            = "10.1140/epjc/s10052-016-4509-7",
      eprint         = "1607.00299",
      archivePrefix  = "arXiv",
      primaryClass   = "hep-lat",
      reportNumber   = "CP3-Origins-2016-023-DNRF90, DESY-16-111, DIAS-2016-23,
                        Edinburgh-2016-11, FTUAM-16-23, HIM-2016-02,
                        IFT-UAM-CSIC-16-057, LPT-Orsay-16-47, MITP-16-059,
                        RM3-TH-16-7, ROM2F-2016-05, YITP-16-77",
      SLACcitation   = "%%CITATION = ARXIV:1607.00299;%%"
}

@article{Bazavov:2014wgs,
      author         = "Bazavov, A. and others",
      title          = "{Charmed and light pseudoscalar meson decay constants
                        from four-flavor lattice QCD with physical light quarks}",
      collaboration  = "Fermilab Lattice, MILC",
      journal        = "Phys. Rev.",
      volume         = "D90",
      year           = "2014",
      number         = "7",
      pages          = "074509",
      doi            = "10.1103/PhysRevD.90.074509",
      eprint         = "1407.3772",
      archivePrefix  = "arXiv",
      primaryClass   = "hep-lat",
      reportNumber   = "FERMILAB-PUB-14-230-T",
      SLACcitation   = "%%CITATION = ARXIV:1407.3772;%%"
}

@article{Carrasco:2014poa,
      author         = "Carrasco, N. and others",
      title          = "{Leptonic decay constants $f_{K},f_{D},$ and
                        $f_{{D}_{s}}$ with $N_{f} = 2+1+1$ twisted-mass lattice
                        QCD}",
      journal        = "Phys. Rev.",
      volume         = "D91",
      year           = "2015",
      number         = "5",
      pages          = "054507",
      doi            = "10.1103/PhysRevD.91.054507",
      eprint         = "1411.7908",
      archivePrefix  = "arXiv",
      primaryClass   = "hep-lat",
      SLACcitation   = "%%CITATION = ARXIV:1411.7908;%%"
}

@article{Aaij:2016kjh,
      author         = "Aaij, Roel and others",
      title          = "{Measurement of the CKM angle $\gamma$ from a combination of LHCb results}",
      collaboration  = "LHCb",
      journal        = "JHEP",
      volume         = "12",
      year           = "2016",
      pages          = "087",
      doi            = "10.1007/JHEP12(2016)087",
      eprint         = "1611.03076",
      archivePrefix  = "arXiv",
      primaryClass   = "hep-ex",
      reportNumber   = "LHCB-PAPER-2016-032, CERN-EP-2016-270",
      SLACcitation   = "%%CITATION = ARXIV:1611.03076;%%"
}

@article{Kodama:2000mp,
      author         = "Kodama, K. and others",
      title          = "{Observation of tau neutrino interactions}",
      collaboration  = "DONUT collaboration",
      journal        = "Phys. Lett.",
      volume         = "B504",
      year           = "2001",
      pages          = "218-224",
      doi            = "10.1016/S0370-2693(01)00307-0",
      eprint         = "hep-ex/0012035",
      archivePrefix  = "arXiv",
      primaryClass   = "hep-ex",
      reportNumber   = "FERMILAB-PUB-00-335-E",
      SLACcitation   = "%%CITATION = HEP-EX/0012035;%%"
}

@article{Abe:1995hr,
      author         = "Abe, F. and others",
      title          = "{Observation of top quark production in $\antiproton\proton$ collisions}",
      collaboration  = "CDF collaboration",
      journal        = "Phys. Rev. Lett.",
      volume         = "74",
      year           = "1995",
      pages          = "2626-2631",
      doi            = "10.1103/PhysRevLett.74.2626",
      eprint         = "hep-ex/9503002",
      archivePrefix  = "arXiv",
      primaryClass   = "hep-ex",
      reportNumber   = "FERMILAB-PUB-95-022-E, CDF-PUB-TOP-PUBLIC-3040,
                        ANL-HEP-PR-95-44",
      SLACcitation   = "%%CITATION = HEP-EX/9503002;%%"
}

@article{Abachi:1994td,
      author         = "Abachi, S. and others",
      title          = "{Search for high mass top quark production in $\proton\antiproton$ collisions at $\sqrt{s}=\SI{1.8}{\tera\electronvolt}$}",
      collaboration  = "D0 collaboration",
      journal        = "Phys. Rev. Lett.",
      volume         = "74",
      year           = "1995",
      pages          = "2422-2426",
      doi            = "10.1103/PhysRevLett.74.2422",
      eprint         = "hep-ex/9411001",
      archivePrefix  = "arXiv",
      primaryClass   = "hep-ex",
      reportNumber   = "FERMILAB-PUB-94-354-E, FSU-SCRI-95-48",
      SLACcitation   = "%%CITATION = HEP-EX/9411001;%%"
}

@article{Corbelli:1999af,
      author         = "Corbelli, Edvige and Salucci, Paolo",
      title          = "{The Extended Rotation Curve and the Dark Matter Halo of M33}",
      journal        = "Mon. Not. Roy. Astron. Soc.",
      volume         = "311",
      year           = "2000",
      pages          = "441-447",
      doi            = "10.1046/j.1365-8711.2000.03075.x",
      eprint         = "astro-ph/9909252",
      archivePrefix  = "arXiv",
      primaryClass   = "astro-ph",
      SLACcitation   = "%%CITATION = ASTRO-PH/9909252;%%"
}

@article{Kowalski:2008ez,
      author         = "Kowalski, M. and others",
      title          = "{Improved Cosmological Constraints from New, Old and Combined Supernova Datasets}",
      collaboration  = "Supernova Cosmology Project",
      journal        = "Astrophys. J.",
      volume         = "686",
      year           = "2008",
      pages          = "749-778",
      doi            = "10.1086/589937",
      eprint         = "0804.4142",
      archivePrefix  = "arXiv",
      primaryClass   = "astro-ph",
      reportNumber   = "FERMILAB-PUB-08-671-A",
      SLACcitation   = "%%CITATION = ARXIV:0804.4142;%%"
}

@article{Nishino:2009aa,
      author         = "Nishino, H. and others",
      title          = "{Search for Proton Decay via $\proton\!\to\ep\piz$ and $\proton\!\to\mup\piz$ in a Large Water Cherenkov Detector}",
      collaboration  = "Super-Kamiokande collaboration",
      journal        = "Phys. Rev. Lett.",
      volume         = "102",
      year           = "2009",
      pages          = "141801",
      doi            = "10.1103/PhysRevLett.102.141801",
      eprint         = "0903.0676",
      archivePrefix  = "arXiv",
      primaryClass   = "hep-ex",
      SLACcitation   = "%%CITATION = ARXIV:0903.0676;%%"
}

@article{Christenson:1964fg,
      author         = "Christenson, J. H. and Cronin, J. W. and Fitch, V. L. and Turlay, R.",
      title          = "{Evidence for the $2\pi$ decay of the $K_2^0$ meson}",
      journal        = "Phys. Rev. Lett.",
      volume         = "13",
      year           = "1964",
      pages          = "138-140",
      doi            = "10.1103/PhysRevLett.13.138",
      SLACcitation   = "%%CITATION = PRLTA,13,138;%%"
}

@article{Wu:1957my,
      author         = "Wu, C. S. and Ambler, E. and Hayward, R. W. and Hoppes, D. D. and Hudson, R. P.",
      title          = "{Experimental Test of Parity Conservation in Beta Decay}",
      journal        = "Phys. Rev.",
      volume         = "105",
      year           = "1957",
      pages          = "1413-1414",
      doi            = "10.1103/PhysRev.105.1413",
      SLACcitation   = "%%CITATION = PHRVA,105,1413;%%"
}

@article{Aaij:2017lff,
      author         = "Aaij, Roel and others",
      title          = "{Measurement of \CP asymmetry in \BsToDsK decays}",
      collaboration  = "LHCb collaboration",
      journal        = "JHEP",
      volume         = "03",
      year           = "2018",
      pages          = "059",
      doi            = "10.1007/JHEP03(2018)059",
      eprint         = "1712.07428",
      archivePrefix  = "arXiv",
      primaryClass   = "hep-ex",
      reportNumber   = "LHCB-PAPER-2017-047, CERN-EP-2017-315",
      SLACcitation   = "%%CITATION = ARXIV:1712.07428;%%"
}

@article{Aaij:2012nt,
      author         = "Aaij, R and others",
      title          = "{Measurement of the \Bz-\Bzb oscillation frequency \dmd with the decays $\Bz\!\to\Dm\pip$ and $\Bz\!\to\jpsi\Kstarz$}",
      collaboration  = "LHCb",
      journal        = "Phys. Lett.",
      volume         = "B719",
      year           = "2013",
      pages          = "318-325",
      doi            = "10.1016/j.physletb.2013.01.019",
      eprint         = "1210.6750",
      archivePrefix  = "arXiv",
      primaryClass   = "hep-ex",
      reportNumber   = "LHCB-PAPER-2012-032, CERN-PH-EP-2012-315",
      SLACcitation   = "%%CITATION = ARXIV:1210.6750;%%"
}
