@article{PDG_2017,
    author        = "Patrignani, C. and others",
    collaboration = "Particle Data Group",
    title         = "{\href{http://pdg.lbl.gov/}{Review of particle physics}}",
    journal       = "Chin. Phys.",
    volume        = "C40",
    year          = "2016",
    pages         = "100001",
    doi           = "10.1088/1674-1137/40/10/100001",
    addendum      = "and {\href{http://pdglive.lbl.gov/}{2017 update}}",
}

@article{HFLAV2016,
      author         = "Amhis, Y. and others",
      title          = "{Averages of $b$-hadron, $c$-hadron, and $\tau$-lepton
                        properties as of summer 2016}",
      collaboration  = "Heavy Flavour Averaging Group",
      journal        = "Eur. Phys. J.",
      volume         = "C77",
      year           = "2017",
      number         = "12",
      pages          = "895",
      doi            = "10.1140/epjc/s10052-017-5058-4",
      eprint         = "1612.07233",
      archivePrefix  = "arXiv",
      primaryClass   = "hep-ex",
      reportNumber   = "FERMILAB-PUB-16-611-ND",
      SLACcitation   = "%%CITATION = ARXIV:1612.07233;%%",
      addendum       = "{updated results and plots available at \href{https://hflav.web.cern.ch}{{\url{https://hflav.web.cern.ch}}}}",
}

@article{Ellis:2016jkw,
      author         = "Ellis, Joshua",
      title          = "{TikZ-Feynman: Feynman diagrams with TikZ}",
      journal        = "Comput. Phys. Commun.",
      volume         = "210",
      year           = "2017",
      pages          = "103-123",
      doi            = "10.1016/j.cpc.2016.08.019",
      eprint         = "1601.05437",
      archivePrefix  = "arXiv",
      primaryClass   = "hep-ph",
      SLACcitation   = "%%CITATION = ARXIV:1601.05437;%%"
}

@article{CKMfitter2015,
      author         = "Charles, J. and others",
      title          = "{Current status of the Standard Model CKM fit and constraints on \hbox{$\Delta F=2$} new physics}",
      collaboration  = "CKMfitter group",
      journal        = "Phys. Rev.",
      volume         = "D91",
      year           = "2015",
      pages          = "073007",
      doi            = "10.1103/PhysRevD.91.073007",
      eprint         = "1501.05013",
      archivePrefix  = "arXiv",
      primaryClass   = "hep-ph",
      reportNumber   = "LPT-ORSAY-15-04",
      SLACcitation   = "%%CITATION = ARXIV:1501.05013;%%",
      addendum       = "{updated results and plots available at \href{http://ckmfitter.in2p3.fr/}{{\url{http://ckmfitter.in2p3.fr/}}}}",
}

% UTfit Standard Model / Unitarity Triangle
@article{UTfit-UT,
      author         = "Bona, M. and others",
      title          = "{The unitarity triangle fit in the standard model and hadronic parameters from lattice QCD: A reappraisal after the measurements of $\Delta m_{s}$ and $BR(B\to\tau\nu_{\tau})$}",
      collaboration  = "UTfit collaboration",
      journal        = "JHEP",
      volume         = "10",
      year           = "2006",
      pages          = "081",
      doi            = "10.1088/1126-6708/2006/10/081",
      eprint         = "hep-ph/0606167",
      archivePrefix  = "arXiv",
      primaryClass   = "hep-ph",
      SLACcitation   = "%%CITATION = HEP-PH/0606167;%%",
      addendum       = "{updated results and plots available at \href{http://www.utfit.org/}{{\texttt{http://www.utfit.org/}}}}",
}





@BOOKLET{root,
	author = {{ROOT}},
	url = {http://root.cern.ch/drupal/},
	month = {{August}},
	year = {2014}
}

@BOOKLET{roofit,
	author = {{The RooFit Toolkit for Data Modeling}},
	url = {http://roofit.sourceforge.net},
	month = {{August}},
	year = {2014}
}

@article{ipatia,
      author         = "Santos, Diego Martinez and Dupertuis, Frederic",
      title          = "{Mass distributions marginalized over per-event errors}",
      journal        = "Nucl.Instrum.Meth.",
      volume         = "A764",
      pages          = "150",
      doi            = "10.1016/j.nima.2014.06.081",
      year           = "2014",
      %eprint         = "1312.5000",
      %archivePrefix  = "arXiv",
      %primaryClass   = "hep-ex",
      SLACcitation   = "%%CITATION = ARXIV:1312.5000;%%",
}

@techreport{splot,
      author        = "Pivk, M and Le Diberder, F R",
      title         = "{sPlot: a statistical tool to unfold data distributions}",
      institution   = "Paris 11. Lab. Accél. Linéaire",
      address       = "Orsay",
      number        = "physics/0402083. LAL-2004-07",
      month         = "Feb",
      year          = "2004",
}

@book{charm-tagger,
      author         = "Cenci, R and Jawahery, A",
      title          = "{A new Opposite-Side Flavor Tagger based on Reconstructed Charm Decays}",
      reportNumber   = "LHCb-INT-2013-YYY",
      publisher = "LHCb-INT-2013-YYY",
      %address = "Geneva",
      year		= "2014",
}
