%%%%%%%%%%%%%%%%%%%%%%%%%%%%%%%%
% textbooks are listed here
%%%%%%%%%%%%%%%%%%%%%%%%%%%%%%%%

@book{Perkins:396126,
      author        = "Perkins, Donald Hill",
      title         = "{Introduction to high-energy physics}",
      edition       = "4",
      publisher     = "Cambridge Univ. Press",
      year          = "2000",
}

@book{Peskin:257493,
      author        = "Peskin, Michael E and Schroeder, Daniel V",
      title         = "{An Introduction to Quantum Field Theory}",
      publisher     = "Westview",
      year          = "1995",
      series        = {Advanced book programm},
}

@book{Griffiths:111880,
      author        = "Griffiths, David J",
      title         = "{Introduction to elementary particles}",
      edition       = "2",
      publisher     = "Wiley",
      series        = "Physics textbook",
      year          = "2008",
}

@book{Bigi:1295518,
      author        = "Bigi, Ikaros I and Sanda, A I",
      title         = "{CP violation}",
      edition       = "2",
      publisher     = "Cambridge Univ. Press",
      series        = "Cambridge monographs on particle physics, nuclear physics and cosmology",
      year          = "2009",
}

@book{Branco:396964,
      author        = "Branco, Gustavo Castelo and Lavoura, Luis and Silva, Joao Paulo",
      title         = "{CP violation}",
      publisher     = "Clarendon Press",
      series        = "Int. Ser. Monogr. Phys.",
      year          = "1999",
}

@book{splines,
      author        = "de Boor, Carl",
      title         = "{A practical guide to splines, rev. ed.}",
      publisher     = "Springer",
      year          = "2001",
      series        = "Applied mathematical sciences",
}

@book{Blobel,
      author        = "Blobel, Volker and Lohrmann, Erich",
      title         = "{Statistische und numerische Methoden der Datenanalyse}",
      publisher     = "Teubner",
      address       = "Stuttgart",
      series        = "Teubner Studienb√ºcher Physik",
      year          = "1998",
}

@book{GLM,
      author      = {Agresti, A.},
      title       = {Categorical data analysis},
      publisher   = {Wiley Series in Probability and Statistics},
      year        = {2013},
}

@book{Nsplines,
      author      = {Hastie, T. and Tibshirani, R. and Friedman, J.},
      title       = {The  elements  of  statistical  learning},
      publisher   = {Springer Series in Statistics},
      year        = {2001},
}

@book{GramSchmidt,
      author      = {Cheney, Ward and Kincaid, David R.},
      edition     = 2,
      title       = {Linear Algebra: Theory and Applications},
      publisher   = {Jones \& Bartlett Learning Int.},
      year        = {2012},
      address     = {USA},
}

@book{BinRegression,
      author      = {Weisberg, S.},
      edition     = 4,
      title       = {Applied Linear Regression},
      year        = {2014},
      publisher   = {Wiley Series in Probability and Statistics}
}
