@article{Wolfenstein:1983yz,
      author         = "Wolfenstein, Lincoln",
      title          = "{Parametrization of the Kobayashi-Maskawa Matrix}",
      journal        = "Phys. Rev. Lett.",
      volume         = "51",
      year           = "1983",
      pages          = "1945",
      doi            = "10.1103/PhysRevLett.51.1945",
      reportNumber   = "CMU-HEG83-9",
      SLACcitation   = "%%CITATION = PRLTA,51,1945;%%"
}

@article{Inami:1980fz,
      author         = "Inami, T. and Lim, C. S.",
      title          = "{Effects of Superheavy Quarks and Leptons in Low-Energy Weak Processes $\KL\!\to\!\muon\overline{\muon}$, $\Kp\!\to\!\pip\neu\overline{\neu}$ and $\Kz\!\leftrightarrow\!\Kzb$}",
      journal        = "Prog. Theor. Phys.",
      volume         = "65",
      year           = "1981",
      pages          = "297",
      doi            = "10.1143/PTP.65.297",
      addendum       = "[Erratum: Prog. Theor. Phys. \textbf{65} (1981) 1772]",
      reportNumber   = "UT-KOMABA-80-8",
      SLACcitation   = "%%CITATION = PTPKA,65,297;%%"
}

@article{GLW_1,
      author         = "Gronau, Michael and Wyler, Daniel",
      title          = "{On determining a weak phase from charged \B decay asymmetries}",
      journal        = "Phys. Lett.",
      volume         = "B265",
      year           = "1991",
      pages          = "172-176",
}

@article{GLW_2,
      author         = "Gronau, Michael and London, David",
      title          = "{How to determine all the angles of the unitarity triangle from $\Bd\!\to\D\KS$ and $\Bs\!\to\D\phi$}",
      journal        = "Phys. Lett.",
      volume         = "B253",
      year           = "1991",
      pages          = "483-488",
}

@article{ADS,
      author         = "Atwood, David and Dunietz, Isard and Soni, Amarjit",
      title          = "{Improved methods for observing CP violation in $\Bpm\!\to\kaon\D$ and measuring the CKM phase $\gamma$}",
      journal        = "Phys. Rev.",
      volume         = "D63",
      year           = "2001",
      pages          = "036005",
      doi            = "10.1103/PhysRevD.63.036005",
      eprint         = "hep-ph/0008090",
      archivePrefix  = "arXiv",
      primaryClass   = "hep-ph",
      reportNumber   = "AMES-HET-00-09, BNL-HET-00-31",
      SLACcitation   = "%%CITATION = HEP-PH/0008090;%%"
}

@article{IsospinAlpha,
      title = {Isospin analysis of \CP asymmetries in $B$ decays},
      author = {Gronau, Michael and London, David},
      journal = {Phys. Rev. Lett.},
      volume = {65},
      % issue = {27},
      pages = {3381--3384},
      numpages = {0},
      year = {1990},
      % month = 12,
      publisher = {American Physical Society},
      doi = {10.1103/PhysRevLett.65.3381},
}

@article{GammaInLoops_Fleischer,
      author         = "Fleischer, Robert",
      title          = "{New strategies to extract $\beta$ and $\gamma$ from $B_\dquark\!\to\pip\pim$ and $B_\squark\!\to\Kp\Km$}",
      journal        = "Phys. Lett.",
      volume         = "B459",
      year           = "1999",
      pages          = "306-320",
      doi            = "10.1016/S0370-2693(99)00640-1",
      eprint         = "hep-ph/9903456",
      archivePrefix  = "arXiv",
      primaryClass   = "hep-ph",
      reportNumber   = "CERN-TH-99-79",
      SLACcitation   = "%%CITATION = HEP-PH/9903456;%%"
}

@article{GammaInLoops_Fleischer2,
      author         = "Fleischer, Robert",
      title          = "{$B_{s,d}\!\to\pi\pi, \pi\kaon, \kaon\kaon$: Status and Prospects}",
      journal        = "Eur. Phys. J.",
      volume         = "C52",
      year           = "2007",
      pages          = "267-281",
      doi            = "10.1140/epjc/s10052-007-0391-7",
      eprint         = "0705.1121",
      archivePrefix  = "arXiv",
      primaryClass   = "hep-ph",
      reportNumber   = "CERN-PH-TH-2007-080",
      SLACcitation   = "%%CITATION = ARXIV:0705.1121;%%"
}

@article{GammaInLoops_Ciuchini,
      author         = "Ciuchini, M. and Franco, E. and Mishima, S. and Silvestrini, L.",
      title          = "{Testing the Standard Model and searching for New Physics with $\Bd\!\to\pi\pi$ and $\Bs\!\to\kaon\kaon$ decays}",
      journal        = "JHEP",
      volume         = "10",
      year           = "2012",
      pages          = "029",
      doi            = "10.1007/JHEP10(2012)029",
      eprint         = "1205.4948",
      archivePrefix  = "arXiv",
      primaryClass   = "hep-ph",
      SLACcitation   = "%%CITATION = ARXIV:1205.4948;%%"
}

@article{Brod:2014qwa,
      author         = "Brod, Joachim",
      title          = "{Electroweak effects in the extraction of the CKM angle $\gamma$ from $B\!\to D\pi$ decays}",
      journal        = "Phys. Lett.",
      volume         = "B743",
      year           = "2015",
      pages          = "56-60",
      doi            = "10.1016/j.physletb.2015.02.022",
      eprint         = "1412.3173",
      archivePrefix  = "arXiv",
      primaryClass   = "hep-ph",
      reportNumber   = "MITP-14-098",
      SLACcitation   = "%%CITATION = ARXIV:1412.3173;%%"
}

@article{PhysRevLett.55.1039,
      title = {Commutator of the Quark Mass Matrices in the Standard Electroweak Model and a Measure of Maximal $\CP$ Nonconservation},
      author = {Jarlskog, C.},
      journal = {Phys. Rev. Lett.},
      volume = {55},
      pages = {1039--1042},
      numpages = {0},
      year = {1985},
      publisher = {American Physical Society},
      doi = {10.1103/PhysRevLett.55.1039}
}

@article{PhysRevD.2.1285,
      title = {Weak Interactions with Lepton-Hadron Symmetry},
      author = {Glashow, S. L. and Iliopoulos, J. and Maiani, L.},
      journal = {Phys. Rev. D},
      volume = {2},
      pages = {1285--1292},
      numpages = {0},
      year = {1970},
      publisher = {American Physical Society},
      doi = {10.1103/PhysRevD.2.1285},
}

@article{doi:10.1143/PTP.49.652,
      author = {Kobayashi, Makoto and Maskawa, Toshihide},
      title = {\CP-Violation in the Renormalizable Theory of Weak Interaction},
      journal = {Progress of Theoretical Physics},
      volume = {49},
      number = {2},
      pages = {652-657},
      year = {1973},
      doi = {10.1143/PTP.49.652}
}

@article{PhysRevLett.10.531,
      title = {Unitary Symmetry and Leptonic Decays},
      author = {Cabibbo, Nicola},
      journal = {Phys. Rev. Lett.},
      volume = {10},
      pages = {531--533},
      numpages = {0},
      year = {1963},
      publisher = {American Physical Society},
      doi = {10.1103/PhysRevLett.10.531}
}
